%%% books about Numerical Analysis
@book{gautschi,
      author   = "Walter {Gautschi}",
      title    = "Numerical Analysis",
      publisher= "Birkh{\"a}user",
      edition  = "2\textsuperscript{nd} 2012",
      year     = "2011",
      month    = "December"
}

@book{cheney_kincaid,
      author   = "Elliott Ward {Cheney} and David R. {Kincaid}",
      title    = "Numerical Mathematics and Computing",
      publisher= "Cengage Learning",
      edition  = "7\textsuperscript{th}",
      year     = "2012",
      month    = "April"
}

@book{kincaid_cheney,
      author   = "David R. {Kincaid} and Elliott Ward {Cheney}",
      title    = "Numerical Analysis: Mathematics of Scientific Computing",
      publisher= "Brooks Cole",
      edition  = "3\textsuperscript{rd}",
      year     = "2001",
      month    = "October"
}

@book{burden_faires,
      author   = "Richard L. {Burden} and J. Douglas {Faires}",
      title    = "Numerical Analysis",
      publisher= "Cengage Learning",
      edition  = "9\textsuperscript{th}",
      year     = "2010",
      month    = "August"
}

@book{conte_deboor,
      author   = "Samuel Daniel {Conte} and Carl R. {de Boor}",
      title    = "Elementary Numerical Analysis: An Algorithmic Approach",
      publisher= "McGraw-Hill College",
      edition  = "3\textsuperscript{rd}",
      year     = "1980",
      month    = "March"
}

@book{bjoerck_dahlquist,
      author   = "Ake {Bj{\"o}rck} and Germund {Dahlquist}",
      title    = "Numerische Methoden",
      publisher= "Oldenbourg R. Verlag GmbH",
      year     = "1985",
      month    = "November"
}


%%% books about ODE solvers
@Book{butcher,
      author    = "John C. {Butcher}",
      title     = "Numerical Methods for ordinary Differential Equations",
      publisher = "John Wiley \& Sons Ltd",
      year      = "2008",
      address   = "England",
      edition   = "2\textsuperscript{nd}"
}

@book{odeI,
      author   = "Ernst {Hairer} and Syvert P. {N{\o}rsett} and Gerhard {Wanner}",
      title    = "Solving Ordinary Differential Equations I: Nonstiff Problems",
      publisher= "Springer",
      volume   = "Vol.8",
      series   = "Springer Series in Computational Mathematics",
      edition  = "3\textsuperscript{rd}",
      year     = "2009",
      month    = "December"
}

@book{odeII,
      author   = "Ernst {Hairer} and Gerhard {Wanner}",
      title    = "Solving Ordinary Differential Equations II: Stiff and Differential-Algebraic Problems",
      publisher= "Springer",
      volume   = "Vol.14",
      series   = "Springer Series in Computational Mathematics",
      edition  = "2\textsuperscript{nd} 1996",
      year     = "2010",
      month    = "March"
}


%%% books about numerical integration
@Book{davis_rabinowitz,
      author    = "Philip J. {Davis} and Philip {Rabinowitz}",
      title     = "Methods of Numerical Integration",
      publisher = "Dover Publications",
      month     = "October",
      year      = "2007",
      edition   = "2\textsuperscript{nd}"
}
