@article{gmsh,
      author   = "Christophe {Geuzaine} and Jean-Fran{\c{c}}ois {Remacle}",
      title    = "{G}msh: a three-dimensional finite element mesh generator with built-in pre- and post-processing facilities",
      journal  = "International Journal for Numerical Methods in Engineering",
      year     = "2009",
      volume   = "79",
      issue    = "11",
      pages    = "1309-1331"
}


@article{lubich:88.1,
      author   = "Christian {Lubich}",
      title    = "Convolution Quadrature and Discretized Operational Calculus {I}",
      journal  = "Numerische Mathematik",
      year     = "1988",
      volume   = "52",
      issue    = "2",
      pages    = "129-145",
      month    = "January"
}
@article{lubich:88.2,
      author   = "Christian {Lubich}",
      title    = "Convolution Quadrature and Discretized Operational Calculus {II}",
      journal  = "Numerische Mathematik",
      year     = "1988",
      volume   = "52",
      issue    = "4",
      pages    = "413-425",
}
@article{lubich:94,
      author   = "Christian {Lubich}",
      title    = "On the Multistep Time Discretization of Linear Initial-boundary Value Problems and Their Boundary Integral Equations",
      journal  = "Numerische Mathematik",
      year     = "1994",
      volume   = "67",
      issue    = "3",
      pages    = "365-389",
      month    = "April"
}
@article{lubich:04,
      author   = "Christian {Lubich}",
      title    = "Convolution Quadrature Revisited",
      journal  = "BIT Numerical Mathematics",
      year     = "2004",
      volume   = "44",
      issue    = "3",
      pages    = "503-514",
      month    = "August"
}

@article{lubich_ostermann:93,
      author   = "Christian {Lubich} and Alexander {Ostermann}",
      title    = "{R}unge-{K}utta Methods for Parabolic Equations and Convolution Quadrature",
      journal  = "Mathematics of Computation",
      year     = "1993",
      volume   = "60",
      number   = "201",
      pages    = "105-131",
      month    = "January"
}

@article{banjai_lubich:11,
      author   = "Lehel {Banjai} and Christian {Lubich}",
      title    = "An Error Analysis of {R}unge-{K}utta Convolution Quadrature",
      journal  = "BIT Numerical Mathematics",
      year     = "2011",
      volume   = "51",
      issue    = "3",
      pages    = "483-496",
      month    = "September"
}
@article{banjai_lubich_melenk:11,
      author   = "Lehel {Banjai} and Christian {Lubich} and Jens Markus {Melenk}",
      title    = "{R}unge-{K}utta Convolution Quadrature for Operators Arising in Wave Propagation",
      journal  = "Numerische Mathematik",
      year     = "2011",
      volume   = "119",
      issue    = "1",
      pages    = "1-20",
      month    = "September"
}

@article{lopez_lubich_schaedle:08,
      author   = "Mar{\'i}a {L{\'o}pez Fern{\'a}ndez} and Christian {Lubich} and Achim {Sch{\"a}dle}",
      title    = "Adaptive, Fast, and Oblivious Convolution in Evolution Equations with Memory",
      journal  = "SIAM Journal on Scientific Computing",
      year     = "2008",
      month    = "March",
      pages    = "1015-1037",
      volume   = "30",
      issue    = "2"
}

@article{lopez_sauter:gcq.1,
      author   = "Mar{\'i}a {L{\'o}pez Fern{\'a}ndez} and Stefan {Sauter}",
      title    = "Generalized Convolution Quadrature with Variable Time Stepping. {Part I}",
      journal  = "IMA Journal of Numerical Analysis",
      year     = "2013",
      month    = "January",
      doi      = "doi: 10.1093/imanum/drs034",
      url      = "http://imajna.oxfordjournals.org/content/early/2013/01/15/imanum.drs03"
}

@unpublished{lopez_sauter:gcq.2,
      author   = "Mar{\'i}a {L{\'o}pez Fern{\'a}ndez} and Stefan {Sauter}",
      title    = "Generalized Convolution Quadrature with Variable Time Stepping. {Part II}: Algorithm and Numerical Results",
      note     = "preprint (2012) available at \url{http://www.math.uzh.ch/compmath/fileadmin/math/preprints/09_12.pdf}"
}

@article{lopez_sauter:contour,
      author   = "Mar{\'i}a {L{\'o}pez Fern{\'a}ndez} and Stefan {Sauter}",
      title    = "Fast and Stable Contour Integration for High Order Divided Differences via Elliptic Functions",
      journal  = "Mathematics of Computation",
      year     = "2014",
      month    = "August"
}

@unpublished{lopez_sauter:gcq.RK,
      author   = "Mar{\'i}a {L{\'o}pez Fern{\'a}ndez} and Stefan {Sauter}",
      title    = "Generalized Convolution Quadrature based on {R}unge-{K}utta Methods",
      note     = "preprint (2014) available \url{http://www.math.uzh.ch/compmath/fileadmin/math/preprints/06_14.pdf}"
}

@article{sauter_veit:2013,
      author   = "Stefan {Sauter} and Alexander Veit",
      title    = "A {G}alerkin method for retarded boundary integral equations with smooth and compactly supported temporal basis functions",
      journal  = "Numerische Mathematik",
      year     = "2013",
      month    = "January",
      issue    = "1",
      volume   = "123",
      pages    = "145-176"
}

@article{hale_higham_trefethen,
      author   = "Nicholas {Hale} and Nicholas J. {Higham} and Lloyd N. {Trefethen}",
      title    = "Computing {$A^\alpha, \log(A)$}, and Related Matrix Functions by Contour Integrals",
      journal  = "SIAM Journal on Numerical Analysis",
      year     = "2008",
      month    = "June",
      volume   = "46",
      issue    = "5",
      pages    = "2505-2523"
}
